@article{ ZJYC20250411005,
author = { 李开平 and  张凤丽 and  黄祖广 and  王金江 },
title = {基于XGBoost与SHAP分析的可解释性故障诊断方法研究},
journal = {制造技术与机床},
pages = {1-11},
issn = {1005-2402},
}

@article{ JYRJ202503052,
author = { 万佳蓉 and  王绍杰 },
title = {基于Fisher＿BP的入侵检测方法研究},
journal = {计算机应用与软件},
volume = {42},
number = {03},
pages = {371-376},
year = {2025},
issn = {1000-386X},
}

@article{ JSJA202205018,
author = { 李京泰 and  王晓丹 },
title = {基于代价敏感激活函数XGBoost的不平衡数据分类方法},
journal = {计算机科学},
volume = {49},
number = {05},
pages = {135-143},
year = {2022},
issn = {1002-137X},
}

@article{ JSJA201008055,
author = { 王旭辉 and  舒平 and  曹立 },
title = {基于ROC曲线寻优的支持向量机性能研究},
journal = {计算机科学},
volume = {37},
number = {08},
pages = {240-242},
year = {2010},
issn = {1002-137X},
}

@article{ KJDS202114026,
author = { 李子言 },
title = {大数据背景下ROC曲线介绍与应用},
journal = {科教导刊},
volume = {},
number = {14},
pages = {81-84},
year = {2021},
issn = {1674-6813},
doi = {10.16400/j.cnki.kjdk.2021.14.026}
}

@article{ LZHP202413013,
author = { 付雯雯 },
title = {经济增长和对外贸易与就业增长的相关性分析},
journal = {老字号品牌营销},
number = {13},
pages = {36-38},
year = {2024},
issn = {2095-1175},
}

@article{ SCSQ202503021,
author = { 张柯 },
title = {GDP增长，对就业影响几何？},
journal = {四川省情},
volume = {},
number = {03},
pages = {59},
year = {2025},
issn = {1671-3540},
}

@article{ SHLW202422061,
author = { 梁一珈 },
title = {企业人岗匹配策略探讨},
journal = {市场瞭望},
volume = {},
number = {22},
pages = {181-183},
year = {2024},
issn = {1007-0419},
}

@article{ DNXJ202404005,
author = { 李浩 and  郭嘉莉 and  梁艳 and  柯涛 and  陈渝 and  王艺旋 and  冯涛 },
title = {网络招聘的人岗匹配度算法研究},
journal = {电脑与信息技术},
volume = {32},
number = {04},
pages = {19-22+35},
year = {2024},
issn = {1005-1228},
doi = {10.19414/j.cnki.1005-1228.2024.04.027}
}

@article{ SJCK202502049,
author = { 刘春 and  曾凡超 and  李冀 and  戴军 },
title = {基于支持向量机与贝叶斯方法的矿山岗位风险分级研究},
journal = {采矿技术},
volume = {25},
number = {02},
pages = {279-285},
year = {2025},
issn = {1671-2900},
doi = {10.13828/j.cnki.ckjs.2025.02.049}
}

@article{ DBCH202412008,
author = { 崔傲雪 and  王超 and  徐颖琪 },
title = {基于Sentinel-2时序数据与随机森林的农作物分类研究——以武汉市为例},
journal = {测绘与空间地理信息},
volume = {47},
number = {12},
pages = {32-35+44},
year = {2024},
issn = {1672-5867},
}